% This file was created with JabRef 2.9.2.
% Encoding: Cp1252

@PREAMBLE{ {\providecommand{\noopsort}[1]{}} }

@STRING{AAAI = {Proceedings of the National Conference on Artificial Intelligence
	(AAAI)}}

@STRING{AAW = {Reading, MA, USA}}

@STRING{ADBIS = {Advances in Databases and Information Systems (ADBIS)}}

@STRING{ADDR-MITPRESS = {Cambridge, MA, USA}}

@STRING{AI = {Artificial Intelligence}}

@STRING{AICOMM={AI Communications}}

@STRING{AIMAG = {AI Magazine}}

@STRING{AMG = {New York, NY}}

@STRING{AMK = {San Francisco, CA, USA}}

@STRING{APH = {Englewood Cliffs, NJ, USA}}

@STRING{ASP = {Berlin -- Heidelberg -- New York}}

@STRING{AW = {Addison-Wesley}}

@STRING{BTW = {Proceedings of the Conference Datenbanksysteme in B\"uro, Technik
	und Wissenschaft (BTW)}}

@STRING{BTW2 = {Proceedings of the Conference Datenbanksysteme in Business, Technologie
	und Web Technik (BTW)}}

@STRING{CACM = {Communications of the ACM}}

@STRING{CAISE = {Proceedings of the Conference on Advanced Information Systems Engineering
	(CAiSE)}}

@STRING{CIDR = {CIDR}}

@STRING{CIKM = {Proceedings of the International Conference on Information and Knowledge
	Management (CIKM)}}

@STRING{COMAD = {COMAD}}
	
	
@STRING{CVPR = {CVPR}}
	
@STRING{TCJ={The Computer Journal}}

@STRING{COOPIS = {Proceedings of the International Conference on Cooperative Information
	Systems (CoopIS)}}

@STRING{CSUR = {ACM Computing Surveys}}



@STRING{IJDMMM={International Journal of Data Mining, Modelling and Management}}

@STRING{DASFAA = {Proceedings of the International Conference on Database Systems for
	Advanced Applications (DASFAA)}}
	
@STRING{DAWAK={Proceedings of the International Conference on Data Warehousing and Knowledge Discovery (Da{W}a{K})}}

@STRING{DBISP2P = {Proceedings of the International Workshop on Databases, Information
	Systems and Peer-to-Peer Computing (DBISP2P)}}

@STRING{DBPL = {Proceedings of the International Workshop on Database Programming
	Languages}}

@STRING{DBSPEKTRUM = {Datenbank Spektrum}}

@STRING{DE = {IEEE Data Engineering Bulletin}}

@STRING{DEXA = {Proceedings of the International Conference on Database and Expert
	Systems Applications (DEXA)}}

@STRING{DILS = {Proceedings of the International Workshop on Data Integration for
	the Life Sciences (DILS)}}

@STRING{DKE = {Data and Knowledge Engineering (DKE)}}

@STRING{DMKD = {Data Mining and Knowledge Discovery}}

@STRING{DOOD = {Proceedings of the International Conference on Deductive and Object-Oriented
	Databases (DOOD)}}

@STRING{DPUNKT = {dpunkt.verlag, Heidelberg}}

@STRING{DQCIS = {Proceedings of the International Workshop on Data Quality in Cooperative
	Information Systems (DQCIS)}}
	
@STRING{ECML = {ECML}}

@STRING{EDBT = {Proceedings of the International Conference on Extending Database
	Technology (EDBT)}}

@STRING{EFIS = {Proceedings of the International Workshop on Engineering Federated
	Information Systems (EFIS)}}

@STRING{ER = {Proceedings of the International Conference on Conceptual Modeling
	(ER)}}

@STRING{ESWC = {Proceedings of the Extended Semantic Web Conference (ESWC)}}

@STRING{FDBS = {Proceedings of the Workshop F\"oderierte Datenbanken (FDBS)}}

@STRING{FOCS = {Proceedings of the Symposium on Foundations of Computer Science}}

@STRING{FQAS = {Proceedings of the International Conference on Flexible Query Answering
	Systems (FQAS)}}

@STRING{ICDE = {ICDE}}

@STRING{ICDT = {Proceedings of the International Conference on Database Theory (ICDT)}}

@STRING{ICML = {ICML}}

@STRING{ICDM={Proceedings of the IEEE International Conference on Data Mining (ICDM)}}

@STRING{IDEAS = {Proceedings of the International Database Engineering and Applications
	Symposium (IDEAS)}}

@STRING{IIS = {Journal of Intelligent Information Systems}}

@STRING{JMLR = {JMLR}}

@STRING{JDSP = {Journal of Digital Signal Processing}}

@STRING{IIWEB = {Proceedings of the International Workshop on Information Integration
	on the Web (IIWeb)}}

@STRING{IJCAI = {Proceedings of the International Joint Conference on Artificial Intelligence
	(IJCAI)}}

@STRING{IQ = {Proceedings of the International Conference on Information Quality
	(IQ)}}

@STRING{IQIS = {Proceedings of the SIGMOD International Workshop on Information Quality
	for Information Systems (IQIS)}}

@STRING{IS = {Information Systems}}

@STRING{ISWC = {Proceedings of the International Semantic Web Conference (ISWC)}}

@STRING{JACM = {Journal of the ACM}}

@STRING{JDIGLIB = {Journal of Digital Libraries}}

@STRING{JMOLBIOL = {Journal of Molecular Biology}}

@STRING{JWS = {Journal of Web Semantics}}

@STRING{KAIS = {Knowledge and Information Systems}}

@STRING{KRDB = {Proceedings of the International Workshop on Knowledge Represenation
	Meets Databases (KRDB)}}
	
@STRING{MOBIDE={Proceedings of the ACM International Workshop on Data Engineering for Wireless and Mobile Access (MobiDE)}}

@STRING{MG = {McGraw-Hill, Inc.}}

@STRING{MIT = {MIT Press}}

@STRING{MK = {Morgan Kaufmann}}

@STRING{NTII = {Proceedings of the International Workshop on New Trends in Information
	Integration (NTII)}}

@STRING{PDIS = {Proceeding of the IEEE International Conference on Parallel and Distributed
	Information Systems (PDIS)}}
	

@STRING{TVCG = {TVCG}}

@STRING{PH = {Prentice-Hall}}

@STRING{PKDD = {European Conference on Principles of Data Mining and Knowledge Discovery
	(PKDD)}}
	
	

@STRING{PNAS = {Proceedings of the National Academy of Sciences (PNAS)}}

@STRING{PODS = {Proceedings of the Symposium on Principles of Database Systems (PODS)}}

@STRING{PVLDB = {PVLDB}}

@STRING{QDB = {Proceedings of the International Workshop on Quality in Databases
	(QDB)}}

@STRING{RIDE = {Proceedings of the International Workshop on Research Issues in Data
	Engineering (RIDE)}}

@STRING{SCIENCE = {Science}}

@STRING{SIAMJC = {SIAM Journal on Computing}}

@STRING{SIGKDD = {SIGKDD}}

@STRING{SIGMOD = {SIGMOD}}

@STRING{SIGMODREC = {SIGMOD Record}}

@STRING{SP = {Springer Verlag}}

@STRING{SSDBM = {Proceedings of the International Conference on Scientific and Statistical
	Database Management (SSDBM)}}

@STRING{STOC = {Proceedings of the ACM Symposium on Theory of Computing (STOC)}}

@STRING{TAGT = {Proceedings of the International Workshop on Theory and Application
	of Graph Transformations (TAGT)}}
	
@STRING{TCS = {Theoretical Computer Science}}

@STRING{TKDD = {ACM Transactions on Knowledge Discovery from Data}}

@STRING{TKDE = {TKDE}}

@STRING{TODS = {ACM Transactions on Database Systems (TODS)}}

@STRING{TOIS = {ACM Transactions on Information Systems}}

@STRING{VDB = {Proceedings of the International Conference on Visual Database Systems
	(VDB)}}

@STRING{VLDB = {Proceedings of the International Conference on Very Large Databases
	(VLDB)}}

@STRING{VLDBJ = {VLDB Journal}}

@STRING{WEBDB = {Proceedings of the ACM SIGMOD Workshop on the Web and Databases (WebDB)}}

@STRING{WISE = {Proceedings of the International Conference on Web Information Systems
	Engineering (WISE)}}

@STRING{WITS = {Proceedings of the Workshop on Information Technologies and Systems
	(WITS)}}

@STRING{WWW = {Proceedings of the International World Wide Web Conference (WWW)}}
