
%last state of lstm
@article{radford2017learning,
  title={Learning to generate reviews and discovering sentiment},
  author={Radford, Alec and Jozefowicz, Rafal and Sutskever, Ilya},
  journal={arXiv:1704.01444},
  year={2017}
}

% svms & irrevalent features
@inproceedings{weston2001feature,
	title={Feature selection for SVMs},
	author={Weston, Jason and Mukherjee, Sayan and Chapelle, Olivier and Pontil, Massimiliano and Poggio, Tomaso and Vapnik, Vladimir},
	booktitle={NIPS},
	pages={668--674},
	year={2001}
}

%lstm
@article{hochreiter1997long,
  title={Long short-term memory},
  author={Hochreiter, Sepp and Schmidhuber, J{\"u}rgen},
  journal={Neural computation},
  volume={9},
  number={8},
  pages={1735--1780},
  year={1997}
}


%bidirectional
@article{graves2005framewise,
	title={Framewise phoneme classification with bidirectional LSTM and other neural network architectures},
	author={Graves, Alex and Schmidhuber, J{\"u}rgen},
	journal={Neural Networks},
	volume={18},
	number={5},
	pages={602--610},
	year={2005}
}



%air data
@techreport{us2018air,
author = {{U.S. Department of Transportation}},
title = {{Air Travel Consumer Report}},
url = {https://www.transportation.gov/airconsumer/air-travel-consumer-reports},
year = {2018}
}

%tree boosting is great why:
@article{friedman2001greedy,
	title={Greedy function approximation: a gradient boosting machine},
	author={Friedman, Jerome H},
	journal={Ann. Stat.},
	pages={1189--1232},
	year={2001}
}

%bad data -> bad ml
@article{sculley2014machine,
  title={Machine learning: The high-interest credit card of technical debt},
  author={Sculley, D and Phillips, Todd and Ebner, Dietmar and Chaudhary, Vinay and Young, Michael},
  year={2014}
}


%ngram
@article{cavnar1994n,
  title={N-gram-based text categorization},
  author={Cavnar, William B and Trenkle, John M and others},
  journal={Ann Arbor MI},
  volume={48113},
  number={2},
  pages={161--175},
  year={1994}
}

%xgboost
@inproceedings{chen2016xgboost,
  title={Xgboost: A scalable tree boosting system},
  author={Chen, Tianqi and Guestrin, Carlos},
  booktitle=SIGKDD,
  pages={785--794},
  year={2016}
}

@article{sparck1972statistical,
  title={A statistical interpretation of term specificity and its application in retrieval},
  author={Sparck Jones, Karen},
  journal={JDoc},
  volume={28},
  number={1},
  pages={11--21},
  year={1972},
}

%average state of lstm
@inproceedings{zhang2015character,
  title={Character-level convolutional networks for text classification},
  author={Zhang, Xiang and Zhao, Junbo and LeCun, Yann},
  booktitle={NIPS},
  pages={649--657},
  year={2015}
}

@article{lehmann2015dbpedia,
  title={DBpedia--a large-scale, multilingual knowledge base extracted from Wikipedia},
  author={Lehmann, Jens and Isele, Robert and Jakob, Max and Jentzsch, Anja and Kontokostas, Dimitris and Mendes, Pablo N and Hellmann, Sebastian and Morsey, Mohamed and Van Kleef, Patrick and Auer, S{\"o}ren and others},
  journal={ISWC},
  volume={6},
  number={2},
  pages={167--195},
  year={2015}
}

@article{krishnan2016activeclean,
  title={ActiveClean: interactive data cleaning for statistical modeling},
  author={Krishnan, Sanjay and Wang, Jiannan and Wu, Eugene and Franklin, Michael J and Goldberg, Ken},
  journal=PVLDB,
  volume={9},
  number={12},
  pages={948--959},
  year={2016}
}

@article{krishnan2017boostclean,
  title={BoostClean: Automated Error Detection and Repair for Machine Learning},
  author={Krishnan, Sanjay and Franklin, Michael J and Goldberg, Ken and Wu, Eugene},
  journal={arXiv:1711.01299},
  year={2017}
}

@inproceedings{volkovs2014continuous,
	title={Continuous data cleaning},
	author={Volkovs, Maksims and Chiang, Fei and Szlichta, Jaroslaw and Miller, Ren{\'e}e J},
	booktitle=ICDE,
	pages={244--255},
	year={2014}
}

@techreport{eli5git,
	author = {Korobov, Mikhail and Lopuhin, Konstantin},
	title = {{ELI5}},
	url = {https://github.com/TeamHG-Memex/eli5},
	year = {2018}
}

@inproceedings{palczewska2013interpreting,
	title={Interpreting random forest models using a feature contribution method},
	author={Palczewska, Anna and Palczewski, Jan and Robinson, Richard Marchese and Neagu, Daniel},
	booktitle={IRI},
	pages={112--119},
	year={2013}
}

% stop because of prediction change
@inproceedings{bloodgood2009method,
  title={A method for stopping active learning based on stabilizing predictions and the need for user-adjustable stopping},
  author={Bloodgood, Michael and Vijay-Shanker, K},
  booktitle={CoNLL},
  pages={39--47},
  year={2009}
}


%max-confidence and min-error
@inproceedings{zhu2007active,
  title={Active Learning for Word Sense Disambiguation with Methods for Addressing the Class Imbalance Problem.},
  author={Zhu, Jingbo and Hovy, Eduard H},
  booktitle={EMNLP-CoNLL},
  volume={7},
  pages={783--790},
  year={2007}
}

%Nadeef
@inproceedings{dallachiesa2013nadeef,
  title={NADEEF: a commodity data cleaning system},
  author={Dallachiesa, Michele and Ebaid, Amr and Eldawy, Ahmed and Elmagarmid, Ahmed and Ilyas, Ihab F and Ouzzani, Mourad and Tang, Nan},
  booktitle=SIGMOD,
  pages={541--552},
  year={2013}
}

%big dansing
@inproceedings{khayyat2015bigdansing,
  title={Bigdansing: A system for big data cleansing},
  author={Khayyat, Zuhair and Ilyas, Ihab F and Jindal, Alekh and Madden, Samuel and Ouzzani, Mourad and Papotti, Paolo and Quian{\'e}-Ruiz, Jorge-Arnulfo and Tang, Nan and Yin, Si},
  booktitle=SIGMOD,
  pages={1215--1230},
  year={2015}
}


%Metanome
@article{papenbrock2015metanome,
  author = {Papenbrock, Thorsten and Bergmann, Tanja and Finke, Moritz and Zwiener, Jakob and Naumann, Felix},
  journal = PVLDB,
  number = 12,
  pages = {1860-1871},
  title = {Data Profiling with Metanome (demo)},
  volume = 8,
  year = 2015
}

%Data Wrangler
@article{kandel2012enterprise,
  title={Enterprise data analysis and visualization: An interview study},
  author={Kandel, Sean and Paepcke, Andreas and Hellerstein, Joseph M and Heer, Jeffrey},
  journal=TVCG,
  volume={18},
  number={12},
  pages={2917--2926},
  year={2012}
}


@inproceedings{chu2016data,
  title={Data cleaning: Overview and emerging challenges},
  author={Chu, Xu and Ilyas, Ihab F and Krishnan, Sanjay and Wang, Jiannan},
  booktitle=COMAD,
  pages={2201--2206},
  year={2016}
}

@article{harris1954distributional,
  title={Distributional structure},
  author={Harris, Zellig S},
  journal={Word},
  volume={10},
  number={2-3},
  pages={146--162},
  year={1954}
}

%dBoost
@techreport{pit2016outlier,
  title={Outlier detection in heterogeneous datasets using automatic tuple expansion},
  author={Pit-Claudel, C and Mariet, Z and Harding, R and Madden, S},
  year={2016},
  institution={Technical Report MIT-CSAIL-TR-2016-002, CSAIL, MIT, 32 Vassar Street, Cambridge MA 02139}
}

%multi user
@inproceedings{sheng2008get,
  title={Get another label? improving data quality and data mining using multiple, noisy labelers},
  author={Sheng, Victor S and Provost, Foster and Ipeirotis, Panagiotis G},
  booktitle=SIGKDD,
  pages={614--622},
  year={2008},
}

@inproceedings{donmez2009efficiently,
  title={Efficiently learning the accuracy of labeling sources for selective sampling},
  author={Donmez, Pinar and Carbonell, Jaime G and Schneider, Jeff},
  booktitle=SIGKDD,
  pages={259--268},
  year={2009},
}

%SVM
@article{cortes1995support,
  title={Support-vector networks},
  author={Cortes, Corinna and Vapnik, Vladimir},
  journal={Machine learning},
  volume={20},
  number={3},
  pages={273--297},
  year={1995}
}

%OpenRefine
@book{verborgh2013using,
  title={Using OpenRefine},
  author={Verborgh, Ruben and De Wilde, Max},
  year={2013}
}

%Spark
@article{meng2016mllib,
  title={Mllib: Machine learning in apache spark},
  author={Meng, Xiangrui and Bradley, Joseph and Yavuz, Burak and Sparks, Evan and Venkataraman, Shivaram and Liu, Davies and Freeman, Jeremy and Tsai, DB and Amde, Manish and Owen, Sean and others},
  journal=JMLR,
  volume={17},
  number={1},
  pages={1235--1241},
  year={2016},
}


%holoclean
@article{rekatsinas2017holoclean,
  title={HoloClean: Holistic Data Repairs with Probabilistic Inference},
  author={Rekatsinas, Theodoros and Chu, Xu and Ilyas, Ihab F and R{\'e}, Christopher},
  journal=PVLDB,
  volume={10},
  number={11},
  pages={1190--1201},
  year={2017},
}

%SCARE
@inproceedings{yakout2013don,
  title={Don't be SCAREd: use SCalable Automatic REpairing with maximal likelihood and bounded changes},
  author={Yakout, Mohamed and Berti-{\'E}quille, Laure and Elmagarmid, Ahmed K},
  booktitle=SIGMOD,
  pages={553--564},
  year={2013}
}


%batch mode SVM solution
@inproceedings{brinker2003incorporating,
  title={Incorporating diversity in active learning with support vector machines},
  author={Brinker, Klaus},
  booktitle=ICML,
  pages={59--66},
  year={2003}
}

% outlier detection + active learning
@article{steinwart2005classification,
  title={A classification framework for anomaly detection},
  author={Steinwart, Ingo and Hush, Don and Scovel, Clint},
  journal=JMLR,
  volume={6},
  number={Feb},
  pages={211--232},
  year={2005}
}

% error detection
@article{abedjan2016detecting,
  title={Detecting Data Errors: Where are we and what needs to be done?},
  author={Abedjan, Ziawasch and Chu, Xu and Deng, Dong and Fernandez, Raul Castro and Ilyas, Ihab F and Ouzzani, Mourad and Papotti, Paolo and Stonebraker, Michael and Tang, Nan},
  journal=PVLDB,
  volume={9},
  number={12},
  pages={993--1004},
  year={2016}
}


@article{arocena2015messing,
  title={Messing up with BART: error generation for evaluating data-cleaning algorithms},
  author={Arocena, Patricia C and Glavic, Boris and Mecca, Giansalvatore and Miller, Ren{\'e}e J and Papotti, Paolo and Santoro, Donatello},
  journal=PVLDB,
  volume={9},
  number={2},
  pages={36--47},
  year={2015}
}

@inproceedings{chu2013holistic,
  title={Holistic data cleaning: Putting violations into context},
  author={Chu, Xu and Ilyas, Ihab F and Papotti, Paolo},
  booktitle=ICDE,
  pages={458--469},
  year={2013},
}

%flights
@inproceedings{li2012truth,
  title={Truth finding on the deep web: Is the problem solved?},
  author={Li, Xian and Dong, Xin Luna and Lyons, Kenneth and Meng, Weiyi and Srivastava, Divesh},
  booktitle=PVLDB,
  volume={6},
  number={2},
  pages={97--108},
  year={2012},
}

%batch mode - density solution
@inproceedings{xu2007incorporating,
  title={Incorporating diversity and density in active learning for relevance feedback},
  author={Xu, Zuobing and Akella, Ram and Zhang, Yi},
  booktitle={ECiR},
  volume={7},
  pages={246--257},
  year={2007}
}


%Two-dimensional active learning
@inproceedings{qi2008two,
  title={Two-dimensional active learning for image classification},
  author={Qi, Guo-Jun and Hua, Xian-Sheng and Rui, Yong and Tang, Jinhui and Zhang, Hong-Jiang},
  booktitle=CVPR,
  pages={1--8},
  year={2008}
}

%word2vec
@inproceedings{mikolov2013distributed,
  title={Distributed representations of words and phrases and their compositionality},
  author={Mikolov, Tomas and Sutskever, Ilya and Chen, Kai and Corrado, Greg S and Dean, Jeff},
  booktitle={NIPS},
  pages={3111--3119},
  year={2013}
}

%katara
@inproceedings{chu2015katara,
  title={Katara: A data cleaning system powered by knowledge bases and crowdsourcing},
  author={Chu, Xu and Morcos, John and Ilyas, Ihab F and Ouzzani, Mourad and Papotti, Paolo and Tang, Nan and Ye, Yin},
  booktitle=SIGMOD,
  pages={1247--1261},
  year={2015}
}

% interpretable ML
@ARTICLE{SamITU17,
  author = {Wojciech Samek and Thomas Wiegand and Klaus-Robert M{\"u}ller},
  title = {Explainable Artificial Intelligence: Understanding, Visualizing and Interpreting Deep Learning Models},
  journal = {ITU Journal: ICT Discoveries - Special Issue 1 - The Impact of Artificial Intelligence (AI) on Communication Networks and Services},
  year = {2017},
  volume = {1},
  pages = {1-10}
}
@ARTICLE{MonDSP17,
  author = {Gr{\'e}goire Montavon and Wojciech Samek and Klaus-Robert M{\"u}ller},
  title = {Methods for Interpreting and Understanding Deep Neural Networks},
  journal = JDSP,
  year = {2017},
  volume = {73},
  pages = {1-15}
}

%tamer
@inproceedings{stonebraker2013data,
  title={Data Curation at Scale: The Data Tamer System.},
  author={Stonebraker, Michael and Bruckner, Daniel and Ilyas, Ihab F and Beskales, George and Cherniack, Mitch and Zdonik, Stanley B and Pagan, Alexander and Xu, Shan},
  booktitle=CIDR,
  year={2013}
}

% naive bayes poor assumptions
@inproceedings{rennie2003tackling,
  title={Tackling the poor assumptions of naive bayes text classifiers},
  author={Rennie, Jason D and Shih, Lawrence and Teevan, Jaime and Karger, David R},
  booktitle=ICML,
  pages={616--623},
  year={2003}
}

%guided data repair - active learning
@article{yakout2011guided,
  title={Guided data repair},
  author={Yakout, Mohamed and Elmagarmid, Ahmed K and Neville, Jennifer and Ouzzani, Mourad and Ilyas, Ihab F},
  journal=PVLDB,
  volume={4},
  number={5},
  pages={279--289},
  year={2011},
}

% active learning
@article{settles2010active,
  title={Active learning literature survey},
  author={Settles, Burr},
  journal={University of Wisconsin, Madison},
  volume={52},
  number={55-66},
  pages={11},
  year={2010}
}



%active learning framework
@article{mozafari2014scaling,
  title={Scaling up crowd-sourcing to very large datasets: a case for active learning},
  author={Mozafari, Barzan and Sarkar, Purna and Franklin, Michael and Jordan, Michael and Madden, Samuel},
  journal=PVLDB,
  volume={8},
  number={2},
  pages={125--136},
  year={2014}
}

% Corleone - duplicate detection - active learning
@inproceedings{gokhale2014corleone,
  title={Corleone: Hands-off crowdsourcing for entity matching},
  author={Gokhale, Chaitanya and Das, Sanjib and Doan, AnHai and Naughton, Jeffrey F and Rampalli, Narasimhan and Shavlik, Jude and Zhu, Xiaojin},
  booktitle=SIGMOD,
  pages={601--612},
  year={2014}
}
%Divesh paper on duplicate detection + active learning
@article{firmani2016online,
  title={Online entity resolution using an oracle},
  author={Firmani, Donatella and Saha, Barna and Srivastava, Divesh},
  journal=PVLDB,
  volume={9},
  number={5},
  pages={384--395},
  year={2016}
}
@article{papenbrock2015progressive,
  title={Progressive duplicate detection},
  author={Papenbrock, Thorsten and Heise, Arvid and Naumann, Felix},
  journal=TKDE,
  volume={27},
  number={5},
  pages={1316--1329},
  year={2015}
}


% text classification + active learning
@article{tong2001support,
  title={Support vector machine active learning with applications to text classification},
  author={Tong, Simon and Koller, Daphne},
  journal=JMLR,
  volume={2},
  number={Nov},
  pages={45--66},
  year={2001}
}

%naive bayes text
@inproceedings{mccallum1998comparison,
  title={A comparison of event models for naive bayes text classification},
  author={McCallum, Andrew and Nigam, Kamal and others},
  booktitle={AAAI workshop on learning for text categorization},
  volume={752},
  pages={41--48},
  year={1998},
}

%bag-of-words
@article{joachims1998text,
  title={Text categorization with support vector machines: Learning with many relevant features},
  author={Joachims, Thorsten},
  journal=ECML,
  pages={137--142},
  year={1998}
}

%quality metric
@article{chung2017data,
  title={A Data Quality Metric (DQM)},
  author={Chung, Yeounoh and Krishnan, Sanjay and Kraska, Tim},
  journal=PVLDB,
  volume={10},
  number={10},
  year={2017}
}

% outlier detection + active learning
@inproceedings{abe2006outlier,
  title={Outlier detection by active learning},
  author={Abe, Naoki and Zadrozny, Bianca and Langford, John},
  booktitle=SIGKDD,
  pages={504--509},
  year={2006}
}

%lstm + attention
@article{wu2016google,
  title={Google's neural machine translation system: Bridging the gap between human and machine translation},
  author={Wu, Yonghui and Schuster, Mike and Chen, Zhifeng and Le, Quoc V and Norouzi, Mohammad and Macherey, Wolfgang and Krikun, Maxim and Cao, Yuan and Gao, Qin and Macherey, Klaus and others},
  journal={arXiv:1609.08144},
  year={2016}
}

%microsoft spreadsheets
@techreport{melford-using-neural-networks-find-spreadsheet-errors,
author = {Singh, Rishabh and Livshits, Benjamin and Zorn, Ben},
title = {Melford: Using Neural Networks to Find Spreadsheet Errors},
year = {2017}
}